<?xml version="1.0" encoding="UTF-8"?><record xmlns="http://www.loc.gov/MARC21/slim" xmlns:cinclude="http://apache.org/cocoon/include/1.0" xmlns:zs="http://www.loc.gov/zing/srw/">
  <leader>00491nz  a2200145n  4500</leader>
  <controlfield tag="001">ns2012004255</controlfield>
  <controlfield tag="003">DLC</controlfield>
  <controlfield tag="005">20120916075148.0</controlfield>
  <controlfield tag="008">120914n| acannaabn          |a aaa     c</controlfield>
  <datafield tag="010" ind1=" " ind2=" ">
    <subfield code="a">ns2012004255</subfield>
  </datafield>
  <datafield tag="035" ind1=" " ind2=" ">
    <subfield code="a">(CaEvSKY)skya10019186</subfield>
  </datafield>
  <datafield tag="040" ind1=" " ind2=" ">
    <subfield code="a">MX-SlUA</subfield>
    <subfield code="b">eng</subfield>
    <subfield code="c">MX-SlUA</subfield>
  </datafield>
  <datafield tag="100" ind1="1" ind2=" ">
    <subfield code="a">Ballesteros Ramírez, Raúl</subfield>
  </datafield>
  <datafield tag="400" ind1="1" ind2=" ">
    <subfield code="a">Ramírez, Raúl Ballesteros</subfield>
  </datafield>
  <datafield tag="670" ind1=" " ind2=" ">
    <subfield code="a">Atención integral al dolor, 2009:</subfield>
    <subfield code="b">t.p. (Raúl Ballesteros Ramírez; Nació en Atarfe (Granada); Diplomado en Enfermería)</subfield>
  </datafield>
</record>